% Referencia
@article{Liu.2007,
  title={Survey of wireless indoor positioning techniques and systems},
  author={Liu, Hui and Darabi, Houshang and Banerjee, Pat and Liu, Jing},
  journal={IEEE Transactions on Systems, Man, and Cybernetics, Part C (Applications and Reviews)},
  volume={37},
  number={6},
  pages={1067--1080},
  year={2007},
  publisher={IEEE}
}

% Referencia en solución
@article{wang.2017ref,
  title={A heterogeneous sensing system-based method for unmanned aerial vehicle indoor positioning},
  author={Wang, Can and Li, Kang and Liang, Guoyuan and Chen, Haoyao and Huang, Sheng and Wu, Xinyu},
  journal={Sensors},
  volume={17},
  number={8},
  pages={1842},
  year={2017},
  publisher={Multidisciplinary Digital Publishing Institute}
}

% GNSS, intro
@book{hofmann.2007gnss,
  title={GNSS--global navigation satellite systems: GPS, GLONASS, Galileo, and more},
  author={Hofmann-Wellenhof, Bernhard and Lichtenegger, Herbert and Wasle, Elmar},
  year={2007},
  publisher={Springer Science \& Business Media}
}

% Materiales gnss
@techreport{stone.1997,
  title={Electromagnetic signal attenuation in construction materials},
  author={Stone, William C},
  year={1997}
}

% Figura integracion
@article{pahlavan.2002,
  title={Indoor geolocation science and technology},
  author={Pahlavan, Kaveh and Li, Xinrong and Makela, Juha-Pekka},
  journal={IEEE Communications Magazine},
  volume={40},
  number={2},
  pages={112--118},
  year={2002},
  publisher={IEEE}
}

% Tecnicas y tecnologias
@article{Brena.2017,
  title = {Evolution of indoor positioning technologies: A survey},
  author = {Brena, Ramon F and Garc{\'\i}a-V{\'a}zquez, Juan Pablo and Galv{\'a}n-Tejada, Carlos E and Mu{\~n}oz-Rodriguez, David and Vargas-Rosales, Cesar and Fangmeyer, James},
  journal = {Journal of Sensors},
  volume = {2017},
  year = {2017},
  issn = {1687-725X},
  publisher = {Hindawi LTD},
  language = {English},
}

% Tecnicas y tecnologias
@article{Sakpere.2017,
    issn = {1015-7999},
    journal = {South African Computer Journal},
    volume = {29},
    publisher = {South African Institute of Computer Scientists and Information Technologists},
    number = {3},
    year = {2017},
    title = {A State-of-the-Art Survey of Indoor Positioning and Navigation Systems and Technologies},
    language = {English},
    author = {Wilson Sakpere and Michael Adeyeye Oshin and Nhlanhla Bw Mlitwa},
    keywords = {Indoor Environments ; Indoor Navigation ; Indoor Positioning ; Localisation ; Pedestrian Navigation ; Positioning Techniques ; Sensors ; Wayfinding ; Computer Science},
    url = {https://doaj.org/article/3282d6f77abb43f38f402da53bbf758c},
}

% Tecnicas y tecnologias (metrica directa o fisica)
@techreport{Hightower.2001,
  author    = "Jeffrey Hightower and Gaetano Borriello",
  title     = "A Survey and Taxonomy of Location Sensing Systems for Ubiquitous Computing",
  institution = "University of Washington, Department of Computer Science and Engineering",
  type      = {UW CSE},
  number    = "01-08-03",
  month     = "August",
  address   = "Seattle, WA",
  year      = {2001},
  language = {English}
}

% Tecnicas y tecnologías, Camaras,Comparación, cobertura
@PHDTHESIS{Mautz.2012,
	author = {Mautz, Rainer},
	publisher = {ETH Zurich, Department of Civil, Environmental and Geomatic Engineering, Institute of Geodesy and Photogrammetry},
	year = {2012},
	language = {en},
	copyright = {In Copyright - Non-Commercial Use Permitted},
	size = {1 Band},
	address = {Zurich},
	DOI = {10.3929/ethz-a-007313554},
	title = {Indoor positioning technologies},
	school = {ETH Zurich}
}

% AoA, Angulation
@article{Kawakami.2011,
    issn = {1687-6180},
    journal = {EURASIP Journal on Advances in Signal Processing},
    pages = {1--7},
    volume = {2011},
    publisher = {Springer International Publishing AG},
    number = {1},
    year = {2011},
    title = {Localization using iterative angle of arrival method sharing snapshots of coherent subarrays},
    language = {eng},
    address = {Heidelberg},
    author = {Kawakami, Shun and Ohtsuki, Tomoaki},
    keywords = {localization ; angle of arrival ; antenna array ; virtual array},
}

% ToF, Lateration
@article{Langendoen.2003,
  title={Distributed localization in wireless sensor networks: a quantitative comparison},
  author={Langendoen, Koen and Reijers, Niels},
  journal={Computer networks},
  volume={43},
  number={4},
  pages={499--518},
  year={2003},
  publisher={Elsevier}
}

% ToF, Lateration
@article{Gober.2005,
  title={Topology Control and Localization in Wireless Ad Hoc and Sensor Networks.},
  author={Gober, Peter and Ziviani, Artur and Todorova, Petia and de Amorim, Marcelo Dias and H{\"u}nerberg, Philipp and Fdida, Serge},
  journal={Ad Hoc \& Sensor Wireless Networks},
  volume={1},
  number={4},
  pages={301--321},
  year={2005}
}

% ToA, TDoA
@article{sayed.2005,
  title={Network-based wireless location: challenges faced in developing techniques for accurate wireless location information},
  author={Sayed, Ali H and Tarighat, Alireza and Khajehnouri, Nima},
  journal={IEEE signal processing magazine},
  volume={22},
  number={4},
  pages={24--40},
  year={2005},
  publisher={Citeseer}
}

% RSSI, Friis
@inproceedings{goldoni.2010,
  title={Experimental analysis of RSSI-based indoor localization with IEEE 802.15. 4},
  author={Goldoni, Emanuele and Savioli, Alberto and Risi, Marco and Gamba, Paolo},
  booktitle={2010 European Wireless Conference (EW)},
  pages={71--77},
  year={2010},
  organization={IEEE}
}

% Friis equation
@article{friis.1946,
  title={A note on a simple transmission formula},
  author={Friis, Harald T},
  journal={Proceedings of the IRE},
  volume={34},
  number={5},
  pages={254--256},
  year={1946},
  publisher={IEEE}
}

% RSSI, fuzzy logic approach
@inproceedings{teuber.2006,
  title={A two-stage fuzzy logic approach for wireless LAN indoor positioning},
  author={Teuber, Andreas and Eissfeller, Bernd and Pany, Thomas},
  booktitle={Proc. IEEE/ION Position Location Navigat. Symp},
  volume={4},
  pages={730--738},
  year={2006}
}

% RSSI, EPM, ellipse propagation model
@inproceedings{zhou.2005,
  title={Providing location services within a radio cellular network using ellipse propagation model},
  author={Zhou, Junyang and Chu, KM-K and Ng, JK-Y},
  booktitle={19th International Conference on Advanced Information Networking and Applications (AINA'05) Volume 1 (AINA papers)},
  volume={1},
  pages={559--564},
  year={2005},
  organization={IEEE}
}

% Fingerprinting, Bayes, prob., decision rule
@inproceedings{kontkanen.2004,
  title={Topics in probabilistic location estimation in wireless networks},
  author={Kontkanen, Petri and Myllymaki, Petri and Roos, Teemu and Tirri, Henry and Valtonen, Kimmo and Wettig, Hannes},
  booktitle={2004 IEEE 15th International Symposium on Personal, Indoor and Mobile Radio Communications (IEEE Cat. No. 04TH8754)},
  volume={2},
  pages={1052--1056},
  year={2004},
  organization={IEEE}
}

% Fingerprinting, k-NN
@article{jiang.2015,
  title={Indoor mobile localization based on Wi-Fi fingerprint's important access point},
  author={Jiang, Pei and Zhang, Yunzhou and Fu, Wenyan and Liu, Huiyu and Su, Xiaolin},
  journal={International Journal of Distributed Sensor Networks},
  volume={11},
  number={4},
  pages={429104},
  year={2015},
  publisher={SAGE Publications Sage UK: London, England}
}

% Fingerprinting, redes neuronales
@techreport{battiti.2002,
  title={Location-aware computing: a neural network model for determining location in wireless LANs},
  author={Battiti, Roberto and Le, Nhat Thang and Villani, Alessandro},
  year={2002},
  institution={University of Trento}
}

% Fingerprinting, SVM
@article{brunato.2005,
  title={Statistical learning theory for location fingerprinting in wireless LANs},
  author={Brunato, Mauro and Battiti, Roberto},
  journal={Computer Networks},
  volume={47},
  number={6},
  pages={825--845},
  year={2005},
  publisher={Elsevier}
}

% Fingerprinting, SVM
@inproceedings{wu.2004,
  title={WLAN location determination in e-home via support vector classification},
  author={Wu, Chao-Lin and Fu, Li-Chen and Lian, Feng-Li},
  booktitle={IEEE International Conference on Networking, Sensing and Control, 2004},
  volume={2},
  pages={1026--1031},
  year={2004},
  organization={IEEE}
}

% Fingerprinting, SMP
@inproceedings{prasithsangaree.2002,
  title={On indoor position location with wireless LANs},
  author={Prasithsangaree, Phongsak and Krishnamurthy, Prashant and Chrysanthis, Panos},
  booktitle={The 13th IEEE international symposium on personal, indoor and mobile radio communications},
  volume={2},
  pages={720--724},
  year={2002},
  organization={IEEE}
}

% Fingerprinting, SLAM
@article{cadena.2016,
  title={Past, present, and future of simultaneous localization and mapping: Toward the robust-perception age},
  author={Cadena, Cesar and Carlone, Luca and Carrillo, Henry and Latif, Yasir and Scaramuzza, Davide and Neira, Jos{\'e} and Reid, Ian and Leonard, John J},
  journal={IEEE Transactions on robotics},
  volume={32},
  number={6},
  pages={1309--1332},
  year={2016},
  publisher={IEEE}
}

% Fingerprinting, SLAM
@article{dissanayake.2001,
  title={A solution to the simultaneous localization and map building (SLAM) problem},
  author={Dissanayake, MWM Gamini and Newman, Paul and Clark, Steve and Durrant-Whyte, Hugh F and Csorba, Michael},
  journal={IEEE Transactions on robotics and automation},
  volume={17},
  number={3},
  pages={229--241},
  year={2001},
  publisher={IEEE}
}

% IR, Active Badge
@article{want.1992,
  title={The active badge location system},
  author={Want, Roy and Hopper, Andy and Falcao, Veronica and Gibbons, Jonathan},
  journal={ACM Transactions on Information Systems (TOIS)},
  volume={10},
  number={1},
  pages={91--102},
  year={1992},
  publisher={ACM}
}

% IR, modern system
@article{gorostiza.2011,
  title={Infrared sensor system for mobile-robot positioning in intelligent spaces},
  author={Gorostiza, Ernesto Mart{\'\i}n and Galilea, L{\'a}zaro and Luis, Jos{\'e} and Meca Meca, Franciso Javier and Salido Monz{\'u}, David and Espinosa Zapata, Felipe and Pallar{\'e}s Puerto, Luis},
  journal={Sensors},
  volume={11},
  number={5},
  pages={5416--5438},
  year={2011},
  publisher={Molecular Diversity Preservation International}
}

% VLC
@article{liu.2010vlc,
  title={Improved indoor location estimation using fluorescent light communication system with a nine-channel receiver},
  author={Liu, Xiaohan and Makino, Hideo and Mase, Kenichi},
  journal={IEICE transactions on communications},
  volume={93},
  number={11},
  pages={2936--2944},
  year={2010},
  publisher={The Institute of Electronics, Information and Communication Engineers}
}

% VLC
@article{zhang.2014,
  title={Asynchronous indoor positioning system based on visible light communications},
  author={Zhang, Weizhi and Chowdhury, MI Sakib and Kavehrad, Mohsen},
  journal={Optical Engineering},
  volume={53},
  number={4},
  pages={045105},
  year={2014},
  publisher={International Society for Optics and Photonics}
}

% VLC, Philips
@misc{philips,
  title = {Solución comercial de Philips para VLC},
  author = {Koninklijke Philips N.V.},
  howpublished = {\url{https://www.lighting.philips.com/main/systems/lighting-systems/indoor-positioning}},
  note = {Último acceso: 05-10-2019}
}

% Camara, vision-based navigation, visual odometry
@article{scaramuzza.2011,
  title={Visual odometry [tutorial]},
  author={Scaramuzza, Davide and Fraundorfer, Friedrich},
  journal={IEEE robotics \& automation magazine},
  volume={18},
  number={4},
  pages={80--92},
  year={2011},
  publisher={IEEE}
}

% Camara, LiDAR
@article{li.2018novel,
  title={A novel distributed architecture for UAV indoor navigation},
  author={Li, Yuntian and Scanavino, Matteo and Capello, Elisa and Dabbene, Fabrizio and Guglieri, Giorgio and Vilardi, Andrea},
  journal={Transportation research procedia},
  volume={35},
  pages={13--22},
  year={2018},
  publisher={Elsevier}
}

% Camara, Optical flow
@article{gageik.2013,
  title={An autonomous UAV with an optical flow sensor for positioning and navigation},
  author={Gageik, Nils and Strohmeier, Michael and Montenegro, Sergio},
  journal={International Journal of Advanced Robotic Systems},
  volume={10},
  number={10},
  pages={341},
  year={2013},
  publisher={SAGE Publications Sage UK: London, England}
}

% Camara, Optical Flow
@article{mcguire.2017,
  title={Efficient optical flow and stereo vision for velocity estimation and obstacle avoidance on an autonomous pocket drone},
  author={McGuire, Kimberly and De Croon, Guido and De Wagter, Christophe and Tuyls, Karl and Kappen, Hilbert},
  journal={IEEE Robotics and Automation Letters},
  volume={2},
  number={2},
  pages={1070--1076},
  year={2017},
  publisher={IEEE}
}

% Camara, optical flow
@inproceedings{moshe.2012,
  title={Indoor positioning and navigation for micro UAV drones—Work in progress},
  author={Moshe, Boaz Ben and Shvalb, Nir and Baadani, Jonathan and Nagar, Itay and Levy, Harel},
  booktitle={2012 IEEE 27th Convention of Electrical and Electronics Engineers in Israel},
  pages={1--5},
  year={2012},
  organization={IEEE}
}

% Camara, motion tracking
@misc{vicon,
  title = {Vicon},
  author = {Vicon Motion Systems Ltd.},
  howpublished = {\url{https://www.vicon.com/}},
  note = {Último acceso: 10-10-2019}
}

% Camara, motion tracking
@misc{optitrack,
  title = {OptiTrack},
  author = {NaturalPoint, Inc. DBA OptiTrack},
  howpublished = {\url{https://optitrack.com/}},
  note = {Último acceso: 10-10-2019}
}

% Camara, stereo vision
@article{mustafah.2012,
  title={Indoor UAV positioning using stereo vision sensor},
  author={Mustafah, Yasir Mohd and Azman, Amelia Wong and Akbar, Fajril},
  journal={Procedia Engineering},
  volume={41},
  pages={575--579},
  year={2012},
  publisher={Elsevier}
}

% Camara, motion
@inproceedings{tisse.2005,
  title={A micro aerial vehicle motion capture system},
  author={Tisse, Christel-loic and Fauvel, Thomas and Durrant-Whyte, Hugh},
  booktitle={1st International Conference on Sensing Technology},
  pages={533--538},
  year={2005},
  organization={Citeseer}
}

% Camara, motion
@inproceedings{tilch.2010,
  title={Current investigations at the ETH Zurich in optical indoor positioning},
  author={Tilch, Sebastian and Mautz, Rainer},
  booktitle={2010 7th Workshop on Positioning, Navigation and Communication},
  pages={174--178},
  year={2010},
  organization={IEEE}
}

% Camara, vision-based
@inproceedings{wang.2010,
  title={An indoor unmanned coaxial rotorcraft system with vision positioning},
  author={Wang, Fei and Wang, Tao and Chen, Ben M and Lee, Tong H},
  booktitle={IEEE ICCA 2010},
  pages={291--296},
  year={2010},
  organization={IEEE}
}

% Camara, vision-based
@inproceedings{de.2014,
  title={Autonomous flight of a 20-gram flapping wing mav with a 4-gram onboard stereo vision system},
  author={De Wagter, Christophe and Tijmons, Sjoerd and Remes, Bart DW and de Croon, Guido CHE},
  booktitle={2014 IEEE International Conference on Robotics and Automation (ICRA)},
  pages={4982--4987},
  year={2014},
  organization={IEEE}
}

% Camara, vSLAM
@inproceedings{garcia.2016,
  title={Indoor SLAM for micro aerial vehicles control using monocular camera and sensor fusion},
  author={Garc{\'\i}a, Sergio and L{\'o}pez, M Elena and Barea, Rafael and Bergasa, Luis M and G{\'o}mez, Alejandro and Molinos, Eduardo J},
  booktitle={2016 International Conference on Autonomous Robot Systems and Competitions (ICARSC)},
  pages={205--210},
  year={2016},
  organization={IEEE}
}

% Camara, vSLAM
@article{zhou.2018vslam,
  title={Hybrid obstacle avoidance system with vision and ultrasonic sensors for multi-rotor MAVs},
  author={Zhou, Qiang and Zou, Danping and Liu, Peilin},
  journal={Industrial Robot: An International Journal},
  volume={45},
  number={2},
  pages={227--236},
  year={2018},
  publisher={Emerald Publishing Limited}
}

% Camara, makerd-based+hybrid
@article{benini.2013,
  title={An imu/uwb/vision-based extended kalman filter for mini-uav localization in indoor environment using 802.15. 4a wireless sensor network},
  author={Benini, Alessandro and Mancini, Adriano and Longhi, Sauro},
  journal={Journal of Intelligent \& Robotic Systems},
  volume={70},
  number={1-4},
  pages={461--476},
  year={2013},
  publisher={Springer}
}

% LiDAR
@article{frohlich.2004,
  title={Terrestrial laser scanning—new perspectives in 3D surveying},
  author={Fr{\"o}hlich, Christofer and Mettenleiter, Markus and others},
  journal={International archives of photogrammetry, remote sensing and spatial information sciences},
  volume={36},
  number={Part 8},
  pages={W2},
  year={2004}
}

% Lidar, velodyne
@misc{velodyne,
  title = {Velodyne LiDAR},
  author = {Velodyne Lidar, Inc.},
  howpublished = {\url{https://velodynelidar.com/}},
  note = {Último acceso: 11-10-2019}
}

% Lidar, hokuyo
@misc{hokuyo,
  title = {Hokuyo LiDAR},
  author = {HOKUYO AUTOMATIC CO., LTD.},
  howpublished = {\url{https://www.hokuyo-aut.jp/}},
  note = {Último acceso: 11-10-2019}
}

% LiDAR, iGPS
@inproceedings{schmitt.2010igps,
  title={Performance evaluation of iGPS for industrial applications},
  author={Schmitt, Robert and Nisch, S and Sch{\"o}nberg, A and Demeester, F and Renders, S},
  booktitle={2010 International Conference on Indoor Positioning and Indoor Navigation},
  pages={1--8},
  year={2010},
  organization={IEEE}
}

% LiDAR, iGPS, Nikon
@misc{nikon,
  title = {Nikon Metrology},
  author = {Nikon Metrology NV.},
  howpublished = {\url{https://www.nikonmetrology.com/es/productos/metrologia-de-gran-volumen/igps}},
  note = {Último acceso: 11-10-2019}
}

% Ultrasonics, Active bat
@article{ward.1997,
  title={A new location technique for the active office},
  author={Ward, Andy and Jones, Alan and Hopper, Andy},
  journal={IEEE Personal communications},
  volume={4},
  number={5},
  pages={42--47},
  year={1997},
  publisher={San Diego, California, USA}
}

% Ultrasonics, Cricket
@inproceedings{priyantha.2000,
  title={The cricket location-support system},
  author={Priyantha, Nissanka B and Chakraborty, Anit and Balakrishnan, Hari},
  booktitle={Proceedings of the 6th annual international conference on Mobile computing and networking},
  pages={32--43},
  year={2000},
  organization={ACM}
}

% Ultrasonics, Dolphin
@article{fukuju.2003,
  title={DOLPHIN: An Autonomous Indoor Positioning System in Ubiquitous Computing Environment.},
  author={Fukuju, Yasuhiro and Minami, Masateru and Morikawa, Hiroyuki and Aoyama, Tomonori},
  journal={WSTFES},
  volume={3},
  pages={53},
  year={2003}
}

% Ultrasonics, Dolphin
@inproceedings{minami.2004,
  title={DOLPHIN: A practical approach for implementing a fully distributed indoor ultrasonic positioning system},
  author={Minami, Masateru and Fukuju, Yasuhiro and Hirasawa, Kazuki and Yokoyama, Shigeaki and Mizumachi, Moriyuki and Morikawa, Hiroyuki and Aoyama, Tomonori},
  booktitle={International Conference on Ubiquitous Computing},
  pages={347--365},
  year={2004},
  organization={Springer}
}

% Ultrasonics, Marvelmind
@misc{marvelmind,
  title = {Marvelmind},
  author = {Marvelmind Robotics},
  howpublished = {\url{https://marvelmind.com/}},
  note = {Último acceso: 3-11-2019}
}

% Audible, Beep
@inproceedings{mandal.2005,
  title={Beep: 3D indoor positioning using audible sound},
  author={Mandal, Atri and Lopes, Cristina V and Givargis, Tony and Haghighat, Amir and Jurdak, Raja and Baldi, Pierre},
  booktitle={Second IEEE Consumer Communications and Networking Conference, 2005. CCNC. 2005},
  pages={348--353},
  year={2005},
  organization={IEEE}
}

% Audible, BeepBeep
@article{peng.2012,
  title={BeepBeep: A high-accuracy acoustic-based system for ranging and localization using COTS devices},
  author={Peng, Chunyi and Shen, Guobin and Zhang, Yongguang},
  journal={ACM Transactions on Embedded Computing Systems (TECS)},
  volume={11},
  number={1},
  pages={4},
  year={2012},
  publisher={ACM}
}

% Audible, GuoGuo
@inproceedings{liu.2013guoguo,
  title={Guoguo: Enabling fine-grained indoor localization via smartphone},
  author={Liu, Kaikai and Liu, Xinxin and Li, Xiaolin},
  booktitle={Proceeding of the 11th annual international conference on Mobile systems, applications, and services},
  pages={235--248},
  year={2013},
  organization={ACM}
}
 % Magnetic
@article{raab.1979,
  title={Magnetic position and orientation tracking system},
  author={Raab, Frederick H and Blood, Ernest B and Steiner, Terry O and Jones, Herbert R},
  journal={IEEE Transactions on Aerospace and Electronic systems},
  number={5},
  pages={709--718},
  year={1979},
  publisher={IEEE}
}

% Magnetic, fingerprinting
@article{haverinen.2009,
  title={Global indoor self-localization based on the ambient magnetic field},
  author={Haverinen, Janne and Kemppainen, Anssi},
  journal={Robotics and Autonomous Systems},
  volume={57},
  number={10},
  pages={1028--1035},
  year={2009},
  publisher={Elsevier}
}

% Magnetica, indoor atlas
@misc{indooratlas,
  title = {IndoorAtlas},
  author = {IndoorAtlas Ltd.},
  howpublished = {\url{https://www.indooratlas.com/}},
  note = {Último acceso: 07-10-2019}
}

% WLAN RADAR, fingerprinting
@article{bahl.2000,
  title={RADAR: An in-building RF-based user location and tracking system},
  author={Bahl, Paramvir and Padmanabhan, Venkata N and Bahl, Victor and Padmanabhan, Venkat},
  year={2000}
}

% WLAN, fingerprinting
@article{yim.2008,
  title={Extended Kalman Filter for wireless LAN based indoor positioning},
  author={Yim, Jaegeol and Park, Chansik and Joo, Jaehun and Jeong, Seunghwan},
  journal={Decision support systems},
  volume={45},
  number={4},
  pages={960--971},
  year={2008},
  publisher={Elsevier}
}

% WLAN, multilateration
@article{mazuelas.2009,
  title={Robust indoor positioning provided by real-time RSSI values in unmodified WLAN networks},
  author={Mazuelas, Santiago and Bahillo, Alfonso and Lorenzo, Ruben M and Fernandez, Patricia and Lago, Francisco A and Garcia, Eduardo and Blas, Juan and Abril, Evaristo J},
  journal={IEEE Journal of selected topics in signal processing},
  volume={3},
  number={5},
  pages={821--831},
  year={2009},
  publisher={IEEE}
}

% WLAN, hybrid
@inproceedings{hongpeng.2007,
  title={A hybrid modeling for WLAN positioning system},
  author={Hongpeng, WANG and Jia, Fei},
  booktitle={2007 International Conference on Wireless Communications, Networking and Mobile Computing},
  pages={2152--2155},
  year={2007},
  organization={IEEE}
}

% Bluetooth, BLE
@article{gomez.2012,
  title={Overview and evaluation of bluetooth low energy: An emerging low-power wireless technology},
  author={Gomez, Carles and Oller, Joaquim and Paradells, Josep},
  journal={Sensors},
  volume={12},
  number={9},
  pages={11734--11753},
  year={2012},
  publisher={Molecular Diversity Preservation International}
}

% Bluetooth, BLPA, Fingerprinting
@inproceedings{kotanen.2003,
  title={Experiments on local positioning with Bluetooth},
  author={Kotanen, Antti and Hannikainen, Marko and Leppakoski, Helena and Hamalainen, Timo D},
  booktitle={Proceedings ITCC 2003. International Conference on Information Technology: Coding and Computing},
  pages={297--303},
  year={2003},
  organization={IEEE}
}

% Bluetooth, Fingerprinting
@inproceedings{hallberg.2003,
  title={Positioning with bluetooth},
  author={Hallberg, Josef and Nilsson, Marcus and Synnes, K{\aa}re},
  booktitle={International Conference on Telecommunications: Special Session on IoT Emerging Technologies: Design and Security (ITEMS'16) 16/05/2016-18/05/2016},
  pages={954--958},
  year={2003},
  organization={IEEE Communications Society}
}

% Bluetooth, iBeacon
@misc{ibeacon,
  title = {iBeacon},
  author = {Apple Inc.},
  howpublished = {\url{https://developer.apple.com/ibeacon/}},
  note = {Último acceso: 08-10-2019}
}

% RFID, SpotON
@article{hightower.2000spoton,
  title={SpotON: An indoor 3D location sensing technology based on RF signal strength},
  author={Hightower, Jeffrey and Want, Roy and Borriello, Gaetano},
  year={2000},
  publisher={Uw Cse}
}

% RFID, LANDMARC
@inproceedings{ni.2003landmarc,
  title={LANDMARC: indoor location sensing using active RFID},
  author={Ni, Lionel M and Liu, Yunhao and Lau, Yiu Cho and Patil, Abhishek P},
  booktitle={Proceedings of the First IEEE International Conference on Pervasive Computing and Communications, 2003.(PerCom 2003).},
  pages={407--415},
  year={2003},
  organization={IEEE}
}

% RFID, figure
@inproceedings{uchitomi.2010rfid,
  title={Accurate indoor position estimation by Swift-Communication Range Recognition (S-CRR) method in passive RFID systems},
  author={Uchitomi, Norie and Inada, Atsuki and Fujimoto, Manato and Wada, Tomotaka and Mutsuura, Kouichi and Okada, Hiromi},
  booktitle={2010 International Conference on Indoor Positioning and Indoor Navigation},
  pages={1--7},
  year={2010},
  organization={IEEE}
}

% UWB, Ubisense
@misc{ubisense,
  title = {Ubisense RTLS},
  author = {Ubisense Ltd.},
  howpublished = {\url{https://www.ubisense.net/}},
  note = {Último acceso: 08-10-2019}
}

% UWB, Ubisense
@article{steggles.2005ubisense,
  title={The Ubisense smart space platform},
  author={Steggles, Pete and Gschwind, Stephan},
  year={2005},
  publisher={na}
}

% UWB, DecaWave
@misc{decawave,
  title = {DecaWave},
  author = {DecaWave},
  howpublished = {\url{https://www.decawave.com/}},
  note = {Último acceso: 08-10-2019}
}

% UWB, Decawave
@article{campbell.2015decawave,
  title={Decawave: Exploring state of the art commercial localization},
  author={Campbell, Bradford and Dutta, Prabal and Kempke, Benjamin and Kuo, Ye-Sheng and Pannuto, Pat},
  journal={Ann Arbor},
  volume={1001},
  number={4},
  pages={48109},
  year={2015}
}

% UWB, BeSpoon
@misc{bespoon,
  title = {BeSpoon},
  author = {BeSpoon SAS},
  howpublished = {\url{http://bespoon.com/}},
  note = {Último acceso: 08-10-2019}
}

% UWB, ATLAS
@inproceedings{tiemann.2016atlas,
  title={Atlas-an open-source tdoa-based ultra-wideband localization system},
  author={Tiemann, Janis and Eckermann, Fabian and Wietfeld, Christian},
  booktitle={2016 International Conference on Indoor Positioning and Indoor Navigation (IPIN)},
  pages={1--6},
  year={2016},
  organization={IEEE}
}

% UWB, ATLAS
@article{tiemann.2018atlas,
  title={ATLAS: TDOA-based UWB Localization},
  author={Tiemann, Janis and Koring, Lucas and Wietfeld, Christian},
  year={2018}
}

% UWB, Comparing
@article{ruiz.2017,
  title={Comparing ubisense, bespoon, and decawave uwb location systems: Indoor performance analysis},
  author={Ruiz, Antonio Ram{\'o}n Jim{\'e}nez and Granja, Fernando Seco},
  journal={IEEE Transactions on instrumentation and Measurement},
  volume={66},
  number={8},
  pages={2106--2117},
  year={2017},
  publisher={IEEE}
}

% WSN, ZigBee
@article{wheeler.2007,
  title={Commercial applications of wireless sensor networks using ZigBee},
  author={Wheeler, Andrew},
  journal={IEEE Communications Magazine},
  volume={45},
  number={4},
  pages={70--77},
  year={2007},
  publisher={IEEE}
}

% WSN, ZigBee, Fingerprinting
@inproceedings{larranaga.2010,
  title={An environment adaptive ZigBee-based indoor positioning algorithm},
  author={Larranaga, Janire and Muguira, Leire and Lopez-Garde, Juan-Manuel and Vazquez, Juan-Ignacio},
  booktitle={2010 International Conference on Indoor Positioning and Indoor Navigation},
  pages={1--8},
  year={2010},
  organization={IEEE}
}

% WSN, ZigBee, Proximity
@article{alhmiedat2008zigbee,
  title={A ZigBee-based mobile tracking system through wireless sensor networks},
  author={Alhmiedat, Tareq Ali and Yang, Shuang-Hua},
  year={2008},
  publisher={{\copyright} Inderscience Enterprises Ltd.}
}

% WSN, ZigBee, Multilateration
@article{fang.2012,
  title={An enhanced ZigBee indoor positioning system with an ensemble approach},
  author={Fang, Shih-Hau and Wang, Chu-Hsuan and Huang, Ting-Yu and Yang, Chin-Huang and Chen, Yung-Sheng},
  journal={IEEE Communications Letters},
  volume={16},
  number={4},
  pages={564--567},
  year={2012},
  publisher={IEEE}
}

% Imagen dron E010
@misc{e010,
  title = {Eachine E010},
  author = {Eachine},
  howpublished = {\url{https://www.eachine.com}},
  note = {Último acceso: 02-10-2019}
}

% Imagen dron H36
@misc{h36,
  title = {JJRC H36},
  author = {JIANJIAN TECHNOLOGY CO.,LTD.},
  howpublished = {\url{https://www.jjrc.com}},
  note = {Último acceso: 02-10-2019}
}

% Scalextric
@misc{scalextric,
  title = {Scalextric},
  author = {Scale Competition Xtreme S.L.},
  howpublished = {\url{https://scalextric.es}},
  note = {Último acceso: 02-10-2019}
}

% Solucion ultrasonidos + motion tracking
@article{paredes.2018,
  title={3D indoor positioning of UAVs with spread spectrum ultrasound and time-of-flight cameras},
  author={Paredes, Jos{\'e} and {\'A}lvarez, Fernando and Aguilera, Teodoro and Villadangos, Jos{\'e}},
  journal={Sensors},
  volume={18},
  number={1},
  pages={89},
  year={2018},
  publisher={Multidisciplinary Digital Publishing Institute}
}

% Solucion, hardware
@inproceedings{cisek.2017uwb,
  title={Ultra-wide band Real time Location Systems: Practical implementation and UAV performance evaluation},
  author={Cisek, Krzysztof and Zolich, Artur and Klausen, Kristian and Johansen, Tor Arne},
  booktitle={2017 Workshop on Research, Education and Development of Unmanned Aerial Systems (RED-UAS)},
  pages={204--209},
  year={2017},
  organization={IEEE}
}

% Solucion, IMU 
@misc{imu,
  title = {MiniIMU-9 v5},
  author = {Pololu Corporation},
  howpublished = {\url{https://www.pololu.com/product/2738}},
  note = {Último acceso: 04-11-2019}
}

% Solucion, UWB Module
@misc{dwm1000,
  title = {DWM1000-Module},
  author = {DecaWave},
  howpublished = {\url{https://www.decawave.com/product/dwm1000-module/}},
  note = {Último acceso: 04-11-2019}
}

% Solution, EKF
@inproceedings{wan.2006ekf,
  title={Sigma-point filters: an overview with applications to integrated navigation and vision assisted control},
  author={Wan, Eric},
  booktitle={2006 IEEE Nonlinear Statistical Signal Processing Workshop},
  pages={201--202},
  year={2006},
  organization={IEEE}
}

% Nada
@article{Mautz.2009,
    issn = {13921541},
    journal = {Geodesy and Cartography},
    pages = {18--22},
    volume = {35},
    number = {1},
    year = {2009},
    title = {Overview of current indoor positioning systems},
    copyright = {Copyright 2009 Elsevier B.V., All rights reserved.},
    author = {Mautz, R.},
    keywords = {Future Positioning Scenarios ; Gnss ; Indoor Positioning ; Novel Positioning Systems ; Wireless Networks},
}